%YAML 1.1
%TAG !u! tag:unity3d.com,2011:
--- !u!29 &1
OcclusionCullingSettings:
  m_ObjectHideFlags: 0
  serializedVersion: 2
  m_OcclusionBakeSettings:
    smallestOccluder: 5
    smallestHole: 0.25
    backfaceThreshold: 100
  m_SceneGUID: 00000000000000000000000000000000
  m_OcclusionCullingData: {fileID: 0}
--- !u!104 &2
RenderSettings:
  m_ObjectHideFlags: 0
  serializedVersion: 9
  m_Fog: 0
  m_FogColor: {r: 0.5, g: 0.5, b: 0.5, a: 1}
  m_FogMode: 3
  m_FogDensity: 0.01
  m_LinearFogStart: 0
  m_LinearFogEnd: 300
  m_AmbientSkyColor: {r: 0.1, g: 0.1, b: 0.1, a: 1}
  m_AmbientEquatorColor: {r: 0.114, g: 0.125, b: 0.133, a: 1}
  m_AmbientGroundColor: {r: 0.047, g: 0.043, b: 0.035, a: 1}
  m_AmbientIntensity: 1
  m_AmbientMode: 4
  m_SubtractiveShadowColor: {r: 0.42, g: 0.478, b: 0.627, a: 1}
  m_SkyboxMaterial: {fileID: 2100000, guid: 9f76d505afa87fd4bacd73517692d12e, type: 2}
  m_HaloStrength: 0.5
  m_FlareStrength: 1
  m_FlareFadeSpeed: 3
  m_HaloTexture: {fileID: 0}
  m_SpotCookie: {fileID: 10001, guid: 0000000000000000e000000000000000, type: 0}
  m_DefaultReflectionMode: 0
  m_DefaultReflectionResolution: 128
  m_ReflectionBounces: 1
  m_ReflectionIntensity: 1
  m_CustomReflection: {fileID: 0}
  m_Sun: {fileID: 0}
  m_IndirectSpecularColor: {r: 0.622047, g: 0.72451425, b: 0.8788274, a: 1}
  m_UseRadianceAmbientProbe: 0
--- !u!157 &3
LightmapSettings:
  m_ObjectHideFlags: 0
  serializedVersion: 11
  m_GIWorkflowMode: 0
  m_GISettings:
    serializedVersion: 2
    m_BounceScale: 1
    m_IndirectOutputScale: 1
    m_AlbedoBoost: 1
    m_TemporalCoherenceThreshold: 1
    m_EnvironmentLightingMode: 0
    m_EnableBakedLightmaps: 1
    m_EnableRealtimeLightmaps: 1
  m_LightmapEditorSettings:
    serializedVersion: 10
    m_Resolution: 2
    m_BakeResolution: 40
    m_AtlasSize: 1024
    m_AO: 0
    m_AOMaxDistance: 1
    m_CompAOExponent: 1
    m_CompAOExponentDirect: 0
    m_Padding: 2
    m_LightmapParameters: {fileID: 0}
    m_LightmapsBakeMode: 1
    m_TextureCompression: 1
    m_FinalGather: 0
    m_FinalGatherFiltering: 1
    m_FinalGatherRayCount: 256
    m_ReflectionCompression: 2
    m_MixedBakeMode: 2
    m_BakeBackend: 0
    m_PVRSampling: 1
    m_PVRDirectSampleCount: 32
    m_PVRSampleCount: 500
    m_PVRBounces: 2
    m_PVRFilterTypeDirect: 0
    m_PVRFilterTypeIndirect: 0
    m_PVRFilterTypeAO: 0
    m_PVRFilteringMode: 1
    m_PVRCulling: 1
    m_PVRFilteringGaussRadiusDirect: 1
    m_PVRFilteringGaussRadiusIndirect: 5
    m_PVRFilteringGaussRadiusAO: 2
    m_PVRFilteringAtrousPositionSigmaDirect: 0.5
    m_PVRFilteringAtrousPositionSigmaIndirect: 2
    m_PVRFilteringAtrousPositionSigmaAO: 1
    m_ShowResolutionOverlay: 1
  m_LightingDataAsset: {fileID: 0}
  m_UseShadowmask: 1
--- !u!196 &4
NavMeshSettings:
  serializedVersion: 2
  m_ObjectHideFlags: 0
  m_BuildSettings:
    serializedVersion: 2
    agentTypeID: 0
    agentRadius: 0.3
    agentHeight: 2
    agentSlope: 45
    agentClimb: 0.4
    ledgeDropHeight: 0
    maxJumpAcrossDistance: 0
    minRegionArea: 2
    manualCellSize: 0
    cellSize: 0.1
    manualTileSize: 0
    tileSize: 256
    accuratePlacement: 0
    debug:
      m_Flags: 0
  m_NavMeshData: {fileID: 23800000, guid: d6c97db4fa3b1b048ab7c181125c1b47, type: 2}
--- !u!1001 &2717387
Prefab:
  m_ObjectHideFlags: 0
  serializedVersion: 2
  m_Modification:
    m_TransformParent: {fileID: 0}
    m_Modifications:
    - target: {fileID: 4011075045929054, guid: a79c5e42e7be3ea44990675cfb5e728c, type: 2}
      propertyPath: m_LocalPosition.x
      value: -0.56
      objectReference: {fileID: 0}
    - target: {fileID: 4011075045929054, guid: a79c5e42e7be3ea44990675cfb5e728c, type: 2}
      propertyPath: m_LocalPosition.y
      value: -1.4190631
      objectReference: {fileID: 0}
    - target: {fileID: 4011075045929054, guid: a79c5e42e7be3ea44990675cfb5e728c, type: 2}
      propertyPath: m_LocalPosition.z
      value: -8.851314
      objectReference: {fileID: 0}
    - target: {fileID: 4011075045929054, guid: a79c5e42e7be3ea44990675cfb5e728c, type: 2}
      propertyPath: m_LocalRotation.x
      value: 0
      objectReference: {fileID: 0}
    - target: {fileID: 4011075045929054, guid: a79c5e42e7be3ea44990675cfb5e728c, type: 2}
      propertyPath: m_LocalRotation.y
      value: 1
      objectReference: {fileID: 0}
    - target: {fileID: 4011075045929054, guid: a79c5e42e7be3ea44990675cfb5e728c, type: 2}
      propertyPath: m_LocalRotation.z
      value: 0
      objectReference: {fileID: 0}
    - target: {fileID: 4011075045929054, guid: a79c5e42e7be3ea44990675cfb5e728c, type: 2}
      propertyPath: m_LocalRotation.w
      value: 0
      objectReference: {fileID: 0}
    - target: {fileID: 4011075045929054, guid: a79c5e42e7be3ea44990675cfb5e728c, type: 2}
      propertyPath: m_RootOrder
      value: 7
      objectReference: {fileID: 0}
    - target: {fileID: 114243975668719510, guid: a79c5e42e7be3ea44990675cfb5e728c,
        type: 2}
      propertyPath: life
      value: 
      objectReference: {fileID: 0}
    - target: {fileID: 114243975668719510, guid: a79c5e42e7be3ea44990675cfb5e728c,
        type: 2}
      propertyPath: magic
      value: 
      objectReference: {fileID: 0}
    - target: {fileID: 114243975668719510, guid: a79c5e42e7be3ea44990675cfb5e728c,
        type: 2}
      propertyPath: coins
      value: 
      objectReference: {fileID: 1582954908}
    - target: {fileID: 114243975668719510, guid: a79c5e42e7be3ea44990675cfb5e728c,
        type: 2}
      propertyPath: sword
      value: 
      objectReference: {fileID: 225081972}
    - target: {fileID: 114243975668719510, guid: a79c5e42e7be3ea44990675cfb5e728c,
        type: 2}
      propertyPath: axe
      value: 
      objectReference: {fileID: 1773034615}
    - target: {fileID: 114243975668719510, guid: a79c5e42e7be3ea44990675cfb5e728c,
        type: 2}
      propertyPath: bow
      value: 
      objectReference: {fileID: 2136127693}
    - target: {fileID: 114243975668719510, guid: a79c5e42e7be3ea44990675cfb5e728c,
        type: 2}
      propertyPath: magico
      value: 
      objectReference: {fileID: 127380377}
    - target: {fileID: 1382553867400056, guid: a79c5e42e7be3ea44990675cfb5e728c, type: 2}
      propertyPath: m_IsActive
      value: 1
      objectReference: {fileID: 0}
    - target: {fileID: 1480719712110028, guid: a79c5e42e7be3ea44990675cfb5e728c, type: 2}
      propertyPath: m_IsActive
      value: 0
      objectReference: {fileID: 0}
    - target: {fileID: 137695293896120824, guid: a79c5e42e7be3ea44990675cfb5e728c,
        type: 2}
      propertyPath: m_Materials.Array.data[0]
      value: 
      objectReference: {fileID: 2100000, guid: 992dbfb15d8a08d4aa34207645c1d8fc, type: 2}
    - target: {fileID: 137736616060715454, guid: a79c5e42e7be3ea44990675cfb5e728c,
        type: 2}
      propertyPath: m_Materials.Array.data[0]
      value: 
      objectReference: {fileID: 2100000, guid: 992dbfb15d8a08d4aa34207645c1d8fc, type: 2}
    m_RemovedComponents: []
  m_ParentPrefab: {fileID: 100100000, guid: a79c5e42e7be3ea44990675cfb5e728c, type: 2}
  m_IsPrefabParent: 0
--- !u!1 &127380377 stripped
GameObject:
  m_PrefabParentObject: {fileID: 1282602263889788, guid: 75e1831e76be7e04c9b53217c51d9053,
    type: 2}
  m_PrefabInternal: {fileID: 1410696123}
--- !u!1001 &204601952
Prefab:
  m_ObjectHideFlags: 0
  serializedVersion: 2
  m_Modification:
    m_TransformParent: {fileID: 0}
    m_Modifications:
    - target: {fileID: 4521406927533698, guid: c9cd970093ac47b4cafb40f0b9d3dfe9, type: 2}
      propertyPath: m_LocalPosition.x
      value: -1.9448748
      objectReference: {fileID: 0}
    - target: {fileID: 4521406927533698, guid: c9cd970093ac47b4cafb40f0b9d3dfe9, type: 2}
      propertyPath: m_LocalPosition.y
      value: -0.5
      objectReference: {fileID: 0}
    - target: {fileID: 4521406927533698, guid: c9cd970093ac47b4cafb40f0b9d3dfe9, type: 2}
      propertyPath: m_LocalPosition.z
      value: -11.292645
      objectReference: {fileID: 0}
    - target: {fileID: 4521406927533698, guid: c9cd970093ac47b4cafb40f0b9d3dfe9, type: 2}
      propertyPath: m_LocalRotation.x
      value: 0
      objectReference: {fileID: 0}
    - target: {fileID: 4521406927533698, guid: c9cd970093ac47b4cafb40f0b9d3dfe9, type: 2}
      propertyPath: m_LocalRotation.y
      value: 0
      objectReference: {fileID: 0}
    - target: {fileID: 4521406927533698, guid: c9cd970093ac47b4cafb40f0b9d3dfe9, type: 2}
      propertyPath: m_LocalRotation.z
      value: 0
      objectReference: {fileID: 0}
    - target: {fileID: 4521406927533698, guid: c9cd970093ac47b4cafb40f0b9d3dfe9, type: 2}
      propertyPath: m_LocalRotation.w
      value: 1
      objectReference: {fileID: 0}
    - target: {fileID: 4521406927533698, guid: c9cd970093ac47b4cafb40f0b9d3dfe9, type: 2}
      propertyPath: m_RootOrder
      value: 1
      objectReference: {fileID: 0}
    m_RemovedComponents: []
  m_ParentPrefab: {fileID: 100100000, guid: c9cd970093ac47b4cafb40f0b9d3dfe9, type: 2}
  m_IsPrefabParent: 0
--- !u!1 &225081972 stripped
GameObject:
  m_PrefabParentObject: {fileID: 1523349676966936, guid: 75e1831e76be7e04c9b53217c51d9053,
    type: 2}
  m_PrefabInternal: {fileID: 1410696123}
--- !u!1 &396293479
GameObject:
  m_ObjectHideFlags: 0
  m_PrefabParentObject: {fileID: 0}
  m_PrefabInternal: {fileID: 0}
  serializedVersion: 5
  m_Component:
  - component: {fileID: 396293482}
  - component: {fileID: 396293481}
  - component: {fileID: 396293480}
  m_Layer: 0
  m_Name: EventSystem
  m_TagString: Untagged
  m_Icon: {fileID: 0}
  m_NavMeshLayer: 0
  m_StaticEditorFlags: 0
  m_IsActive: 1
--- !u!114 &396293480
MonoBehaviour:
  m_ObjectHideFlags: 0
  m_PrefabParentObject: {fileID: 0}
  m_PrefabInternal: {fileID: 0}
  m_GameObject: {fileID: 396293479}
  m_Enabled: 1
  m_EditorHideFlags: 0
  m_Script: {fileID: 1077351063, guid: f70555f144d8491a825f0804e09c671c, type: 3}
  m_Name: 
  m_EditorClassIdentifier: 
  m_HorizontalAxis: Horizontal
  m_VerticalAxis: Vertical
  m_SubmitButton: Submit
  m_CancelButton: Cancel
  m_InputActionsPerSecond: 10
  m_RepeatDelay: 0.5
  m_ForceModuleActive: 0
--- !u!114 &396293481
MonoBehaviour:
  m_ObjectHideFlags: 0
  m_PrefabParentObject: {fileID: 0}
  m_PrefabInternal: {fileID: 0}
  m_GameObject: {fileID: 396293479}
  m_Enabled: 1
  m_EditorHideFlags: 0
  m_Script: {fileID: -619905303, guid: f70555f144d8491a825f0804e09c671c, type: 3}
  m_Name: 
  m_EditorClassIdentifier: 
  m_FirstSelected: {fileID: 0}
  m_sendNavigationEvents: 1
  m_DragThreshold: 10
--- !u!4 &396293482
Transform:
  m_ObjectHideFlags: 0
  m_PrefabParentObject: {fileID: 0}
  m_PrefabInternal: {fileID: 0}
  m_GameObject: {fileID: 396293479}
  m_LocalRotation: {x: 0, y: 0, z: 0, w: 1}
  m_LocalPosition: {x: 0, y: 0, z: 0}
  m_LocalScale: {x: 1, y: 1, z: 1}
  m_Children: []
  m_Father: {fileID: 0}
  m_RootOrder: 9
  m_LocalEulerAnglesHint: {x: 0, y: 0, z: 0}
--- !u!1001 &453922786
Prefab:
  m_ObjectHideFlags: 0
  serializedVersion: 2
  m_Modification:
    m_TransformParent: {fileID: 0}
    m_Modifications:
    - target: {fileID: 4744712374188534, guid: ae4a46495a7c1094887b579db190e97d, type: 2}
      propertyPath: m_LocalPosition.x
      value: 1.7889849
      objectReference: {fileID: 0}
    - target: {fileID: 4744712374188534, guid: ae4a46495a7c1094887b579db190e97d, type: 2}
      propertyPath: m_LocalPosition.y
      value: -0.5
      objectReference: {fileID: 0}
    - target: {fileID: 4744712374188534, guid: ae4a46495a7c1094887b579db190e97d, type: 2}
      propertyPath: m_LocalPosition.z
      value: -11.1699295
      objectReference: {fileID: 0}
    - target: {fileID: 4744712374188534, guid: ae4a46495a7c1094887b579db190e97d, type: 2}
      propertyPath: m_LocalRotation.x
      value: 0
      objectReference: {fileID: 0}
    - target: {fileID: 4744712374188534, guid: ae4a46495a7c1094887b579db190e97d, type: 2}
      propertyPath: m_LocalRotation.y
      value: 0
      objectReference: {fileID: 0}
    - target: {fileID: 4744712374188534, guid: ae4a46495a7c1094887b579db190e97d, type: 2}
      propertyPath: m_LocalRotation.z
      value: 0
      objectReference: {fileID: 0}
    - target: {fileID: 4744712374188534, guid: ae4a46495a7c1094887b579db190e97d, type: 2}
      propertyPath: m_LocalRotation.w
      value: 1
      objectReference: {fileID: 0}
    - target: {fileID: 4744712374188534, guid: ae4a46495a7c1094887b579db190e97d, type: 2}
      propertyPath: m_RootOrder
      value: 3
      objectReference: {fileID: 0}
    m_RemovedComponents: []
  m_ParentPrefab: {fileID: 100100000, guid: ae4a46495a7c1094887b579db190e97d, type: 2}
  m_IsPrefabParent: 0
--- !u!1001 &566638554
Prefab:
  m_ObjectHideFlags: 0
  serializedVersion: 2
  m_Modification:
    m_TransformParent: {fileID: 1560792260}
    m_Modifications:
    - target: {fileID: 224876482861852622, guid: fc49e04c0f70ac245a784f641f7abdec,
        type: 2}
      propertyPath: m_LocalPosition.x
      value: 0
      objectReference: {fileID: 0}
    - target: {fileID: 224876482861852622, guid: fc49e04c0f70ac245a784f641f7abdec,
        type: 2}
      propertyPath: m_LocalPosition.y
      value: 0
      objectReference: {fileID: 0}
    - target: {fileID: 224876482861852622, guid: fc49e04c0f70ac245a784f641f7abdec,
        type: 2}
      propertyPath: m_LocalPosition.z
      value: 0
      objectReference: {fileID: 0}
    - target: {fileID: 224876482861852622, guid: fc49e04c0f70ac245a784f641f7abdec,
        type: 2}
      propertyPath: m_LocalRotation.x
      value: 0
      objectReference: {fileID: 0}
    - target: {fileID: 224876482861852622, guid: fc49e04c0f70ac245a784f641f7abdec,
        type: 2}
      propertyPath: m_LocalRotation.y
      value: 0
      objectReference: {fileID: 0}
    - target: {fileID: 224876482861852622, guid: fc49e04c0f70ac245a784f641f7abdec,
        type: 2}
      propertyPath: m_LocalRotation.z
      value: 0
      objectReference: {fileID: 0}
    - target: {fileID: 224876482861852622, guid: fc49e04c0f70ac245a784f641f7abdec,
        type: 2}
      propertyPath: m_LocalRotation.w
      value: 1
      objectReference: {fileID: 0}
    - target: {fileID: 224876482861852622, guid: fc49e04c0f70ac245a784f641f7abdec,
        type: 2}
      propertyPath: m_RootOrder
      value: 3
      objectReference: {fileID: 0}
    - target: {fileID: 224876482861852622, guid: fc49e04c0f70ac245a784f641f7abdec,
        type: 2}
      propertyPath: m_AnchoredPosition.x
      value: 0
      objectReference: {fileID: 0}
    - target: {fileID: 224876482861852622, guid: fc49e04c0f70ac245a784f641f7abdec,
        type: 2}
      propertyPath: m_AnchoredPosition.y
      value: 0
      objectReference: {fileID: 0}
    - target: {fileID: 224876482861852622, guid: fc49e04c0f70ac245a784f641f7abdec,
        type: 2}
      propertyPath: m_SizeDelta.x
      value: 0
      objectReference: {fileID: 0}
    - target: {fileID: 224876482861852622, guid: fc49e04c0f70ac245a784f641f7abdec,
        type: 2}
      propertyPath: m_SizeDelta.y
      value: 0
      objectReference: {fileID: 0}
    - target: {fileID: 224876482861852622, guid: fc49e04c0f70ac245a784f641f7abdec,
        type: 2}
      propertyPath: m_AnchorMin.x
      value: 0.5718958
      objectReference: {fileID: 0}
    - target: {fileID: 224876482861852622, guid: fc49e04c0f70ac245a784f641f7abdec,
        type: 2}
      propertyPath: m_AnchorMin.y
      value: 0.7
      objectReference: {fileID: 0}
    - target: {fileID: 224876482861852622, guid: fc49e04c0f70ac245a784f641f7abdec,
        type: 2}
      propertyPath: m_AnchorMax.x
      value: 0.95
      objectReference: {fileID: 0}
    - target: {fileID: 224876482861852622, guid: fc49e04c0f70ac245a784f641f7abdec,
        type: 2}
      propertyPath: m_AnchorMax.y
      value: 0.9
      objectReference: {fileID: 0}
    - target: {fileID: 224876482861852622, guid: fc49e04c0f70ac245a784f641f7abdec,
        type: 2}
      propertyPath: m_Pivot.x
      value: 0.5
      objectReference: {fileID: 0}
    - target: {fileID: 224876482861852622, guid: fc49e04c0f70ac245a784f641f7abdec,
        type: 2}
      propertyPath: m_Pivot.y
      value: 0.5
      objectReference: {fileID: 0}
    m_RemovedComponents: []
  m_ParentPrefab: {fileID: 100100000, guid: fc49e04c0f70ac245a784f641f7abdec, type: 2}
  m_IsPrefabParent: 0
--- !u!1001 &762492756
Prefab:
  m_ObjectHideFlags: 0
  serializedVersion: 2
  m_Modification:
    m_TransformParent: {fileID: 1560792260}
    m_Modifications:
    - target: {fileID: 224973147390086698, guid: 1d8e2378e412f204d85cdfda97b47892,
        type: 2}
      propertyPath: m_LocalPosition.x
      value: 0
      objectReference: {fileID: 0}
    - target: {fileID: 224973147390086698, guid: 1d8e2378e412f204d85cdfda97b47892,
        type: 2}
      propertyPath: m_LocalPosition.y
      value: 0
      objectReference: {fileID: 0}
    - target: {fileID: 224973147390086698, guid: 1d8e2378e412f204d85cdfda97b47892,
        type: 2}
      propertyPath: m_LocalPosition.z
      value: 0
      objectReference: {fileID: 0}
    - target: {fileID: 224973147390086698, guid: 1d8e2378e412f204d85cdfda97b47892,
        type: 2}
      propertyPath: m_LocalRotation.x
      value: -0
      objectReference: {fileID: 0}
    - target: {fileID: 224973147390086698, guid: 1d8e2378e412f204d85cdfda97b47892,
        type: 2}
      propertyPath: m_LocalRotation.y
      value: -0
      objectReference: {fileID: 0}
    - target: {fileID: 224973147390086698, guid: 1d8e2378e412f204d85cdfda97b47892,
        type: 2}
      propertyPath: m_LocalRotation.z
      value: -0
      objectReference: {fileID: 0}
    - target: {fileID: 224973147390086698, guid: 1d8e2378e412f204d85cdfda97b47892,
        type: 2}
      propertyPath: m_LocalRotation.w
      value: 1
      objectReference: {fileID: 0}
    - target: {fileID: 224973147390086698, guid: 1d8e2378e412f204d85cdfda97b47892,
        type: 2}
      propertyPath: m_RootOrder
      value: 2
      objectReference: {fileID: 0}
    - target: {fileID: 224973147390086698, guid: 1d8e2378e412f204d85cdfda97b47892,
        type: 2}
      propertyPath: m_AnchoredPosition.x
      value: -0.000061035156
      objectReference: {fileID: 0}
    - target: {fileID: 224973147390086698, guid: 1d8e2378e412f204d85cdfda97b47892,
        type: 2}
      propertyPath: m_AnchoredPosition.y
      value: 0
      objectReference: {fileID: 0}
    - target: {fileID: 224973147390086698, guid: 1d8e2378e412f204d85cdfda97b47892,
        type: 2}
      propertyPath: m_SizeDelta.x
      value: 0
      objectReference: {fileID: 0}
    - target: {fileID: 224973147390086698, guid: 1d8e2378e412f204d85cdfda97b47892,
        type: 2}
      propertyPath: m_SizeDelta.y
      value: 0
      objectReference: {fileID: 0}
    - target: {fileID: 224973147390086698, guid: 1d8e2378e412f204d85cdfda97b47892,
        type: 2}
      propertyPath: m_AnchorMin.x
      value: 0.7683751
      objectReference: {fileID: 0}
    - target: {fileID: 224973147390086698, guid: 1d8e2378e412f204d85cdfda97b47892,
        type: 2}
      propertyPath: m_AnchorMin.y
      value: 0.072222225
      objectReference: {fileID: 0}
    - target: {fileID: 224973147390086698, guid: 1d8e2378e412f204d85cdfda97b47892,
        type: 2}
      propertyPath: m_AnchorMax.x
      value: 0.95779175
      objectReference: {fileID: 0}
    - target: {fileID: 224973147390086698, guid: 1d8e2378e412f204d85cdfda97b47892,
        type: 2}
      propertyPath: m_AnchorMax.y
      value: 0.4102593
      objectReference: {fileID: 0}
    - target: {fileID: 224973147390086698, guid: 1d8e2378e412f204d85cdfda97b47892,
        type: 2}
      propertyPath: m_Pivot.x
      value: 0.5
      objectReference: {fileID: 0}
    - target: {fileID: 224973147390086698, guid: 1d8e2378e412f204d85cdfda97b47892,
        type: 2}
      propertyPath: m_Pivot.y
      value: 0.5
      objectReference: {fileID: 0}
    m_RemovedComponents: []
  m_ParentPrefab: {fileID: 100100000, guid: 1d8e2378e412f204d85cdfda97b47892, type: 2}
  m_IsPrefabParent: 0
--- !u!1 &866199900
GameObject:
  m_ObjectHideFlags: 0
  m_PrefabParentObject: {fileID: 0}
  m_PrefabInternal: {fileID: 0}
  serializedVersion: 5
  m_Component:
  - component: {fileID: 866199902}
  - component: {fileID: 866199901}
  m_Layer: 0
  m_Name: Directional Light
  m_TagString: Untagged
  m_Icon: {fileID: 0}
  m_NavMeshLayer: 0
  m_StaticEditorFlags: 0
  m_IsActive: 1
--- !u!108 &866199901
Light:
  m_ObjectHideFlags: 0
  m_PrefabParentObject: {fileID: 0}
  m_PrefabInternal: {fileID: 0}
  m_GameObject: {fileID: 866199900}
  m_Enabled: 1
  serializedVersion: 8
  m_Type: 1
  m_Color: {r: 1, g: 0.95686275, b: 0.8392157, a: 1}
  m_Intensity: 1
  m_Range: 10
  m_SpotAngle: 30
  m_CookieSize: 10
  m_Shadows:
    m_Type: 2
    m_Resolution: -1
    m_CustomResolution: -1
    m_Strength: 1
    m_Bias: 0.05
    m_NormalBias: 0.4
    m_NearPlane: 0.2
  m_Cookie: {fileID: 0}
  m_DrawHalo: 0
  m_Flare: {fileID: 0}
  m_RenderMode: 0
  m_CullingMask:
    serializedVersion: 2
    m_Bits: 4294967295
  m_Lightmapping: 4
  m_AreaSize: {x: 1, y: 1}
  m_BounceIntensity: 1
  m_ColorTemperature: 6570
  m_UseColorTemperature: 0
  m_ShadowRadius: 0
  m_ShadowAngle: 0
--- !u!4 &866199902
Transform:
  m_ObjectHideFlags: 0
  m_PrefabParentObject: {fileID: 0}
  m_PrefabInternal: {fileID: 0}
  m_GameObject: {fileID: 866199900}
  m_LocalRotation: {x: 0.40821788, y: -0.23456968, z: 0.10938163, w: 0.8754261}
  m_LocalPosition: {x: 0, y: 3, z: 0}
  m_LocalScale: {x: 1, y: 1, z: 1}
  m_Children: []
  m_Father: {fileID: 0}
  m_RootOrder: 5
  m_LocalEulerAnglesHint: {x: 50, y: -30, z: 0}
--- !u!224 &939389461 stripped
RectTransform:
  m_PrefabParentObject: {fileID: 224876482861852622, guid: fc49e04c0f70ac245a784f641f7abdec,
    type: 2}
  m_PrefabInternal: {fileID: 566638554}
--- !u!1 &985696956
GameObject:
  m_ObjectHideFlags: 0
  m_PrefabParentObject: {fileID: 0}
  m_PrefabInternal: {fileID: 0}
  serializedVersion: 5
  m_Component:
  - component: {fileID: 985696960}
  - component: {fileID: 985696959}
  - component: {fileID: 985696958}
  - component: {fileID: 985696957}
  - component: {fileID: 985696961}
  m_Layer: 0
  m_Name: Cube
  m_TagString: Untagged
  m_Icon: {fileID: 0}
  m_NavMeshLayer: 0
  m_StaticEditorFlags: 0
  m_IsActive: 0
--- !u!65 &985696957
BoxCollider:
  m_ObjectHideFlags: 0
  m_PrefabParentObject: {fileID: 0}
  m_PrefabInternal: {fileID: 0}
  m_GameObject: {fileID: 985696956}
  m_Material: {fileID: 0}
  m_IsTrigger: 1
  m_Enabled: 1
  serializedVersion: 2
  m_Size: {x: 10, y: 12.670393, z: 10.000004}
  m_Center: {x: 0, y: -6.3351965, z: 0}
--- !u!23 &985696958
MeshRenderer:
  m_ObjectHideFlags: 0
  m_PrefabParentObject: {fileID: 0}
  m_PrefabInternal: {fileID: 0}
  m_GameObject: {fileID: 985696956}
  m_Enabled: 1
  m_CastShadows: 1
  m_ReceiveShadows: 1
  m_DynamicOccludee: 1
  m_MotionVectors: 1
  m_LightProbeUsage: 1
  m_ReflectionProbeUsage: 1
  m_RenderingLayerMask: 4294967295
  m_Materials:
  - {fileID: 10303, guid: 0000000000000000f000000000000000, type: 0}
  m_StaticBatchInfo:
    firstSubMesh: 0
    subMeshCount: 0
  m_StaticBatchRoot: {fileID: 0}
  m_ProbeAnchor: {fileID: 0}
  m_LightProbeVolumeOverride: {fileID: 0}
  m_ScaleInLightmap: 1
  m_PreserveUVs: 0
  m_IgnoreNormalsForChartDetection: 0
  m_ImportantGI: 0
  m_StitchLightmapSeams: 0
  m_SelectedEditorRenderState: 3
  m_MinimumChartSize: 4
  m_AutoUVMaxDistance: 0.5
  m_AutoUVMaxAngle: 89
  m_LightmapParameters: {fileID: 0}
  m_SortingLayerID: 0
  m_SortingLayer: 0
  m_SortingOrder: 0
--- !u!33 &985696959
MeshFilter:
  m_ObjectHideFlags: 0
  m_PrefabParentObject: {fileID: 0}
  m_PrefabInternal: {fileID: 0}
  m_GameObject: {fileID: 985696956}
  m_Mesh: {fileID: 10209, guid: 0000000000000000e000000000000000, type: 0}
--- !u!4 &985696960
Transform:
  m_ObjectHideFlags: 0
  m_PrefabParentObject: {fileID: 0}
  m_PrefabInternal: {fileID: 0}
  m_GameObject: {fileID: 985696956}
  m_LocalRotation: {x: 0, y: 0, z: 0, w: 1}
  m_LocalPosition: {x: -15.138, y: 1.39, z: -3.4662}
  m_LocalScale: {x: 1.0202707, y: 0.3412542, z: 1.0202702}
  m_Children: []
  m_Father: {fileID: 0}
  m_RootOrder: 11
  m_LocalEulerAnglesHint: {x: 0, y: 0, z: 0}
--- !u!114 &985696961
MonoBehaviour:
  m_ObjectHideFlags: 0
  m_PrefabParentObject: {fileID: 0}
  m_PrefabInternal: {fileID: 0}
  m_GameObject: {fileID: 985696956}
  m_Enabled: 1
  m_EditorHideFlags: 0
  m_Script: {fileID: 11500000, guid: 5ae2ff74bb1816b4f83c5cd8267cdb97, type: 3}
  m_Name: 
  m_EditorClassIdentifier: 
  enemies:
  - {fileID: 1251330829}
  canQuit: 0
--- !u!1001 &1008040283
Prefab:
  m_ObjectHideFlags: 0
  serializedVersion: 2
  m_Modification:
    m_TransformParent: {fileID: 0}
    m_Modifications:
    - target: {fileID: 4201186404434178, guid: 5596d3db5342340439d6a473163e0a5b, type: 2}
      propertyPath: m_LocalPosition.x
      value: 0
      objectReference: {fileID: 0}
    - target: {fileID: 4201186404434178, guid: 5596d3db5342340439d6a473163e0a5b, type: 2}
      propertyPath: m_LocalPosition.y
      value: -0.76
      objectReference: {fileID: 0}
    - target: {fileID: 4201186404434178, guid: 5596d3db5342340439d6a473163e0a5b, type: 2}
      propertyPath: m_LocalPosition.z
      value: 0
      objectReference: {fileID: 0}
    - target: {fileID: 4201186404434178, guid: 5596d3db5342340439d6a473163e0a5b, type: 2}
      propertyPath: m_LocalRotation.x
      value: -0
      objectReference: {fileID: 0}
    - target: {fileID: 4201186404434178, guid: 5596d3db5342340439d6a473163e0a5b, type: 2}
      propertyPath: m_LocalRotation.y
      value: -0
      objectReference: {fileID: 0}
    - target: {fileID: 4201186404434178, guid: 5596d3db5342340439d6a473163e0a5b, type: 2}
      propertyPath: m_LocalRotation.z
      value: -0
      objectReference: {fileID: 0}
    - target: {fileID: 4201186404434178, guid: 5596d3db5342340439d6a473163e0a5b, type: 2}
      propertyPath: m_LocalRotation.w
      value: 1
      objectReference: {fileID: 0}
    - target: {fileID: 4201186404434178, guid: 5596d3db5342340439d6a473163e0a5b, type: 2}
      propertyPath: m_RootOrder
      value: 4
      objectReference: {fileID: 0}
    - target: {fileID: 1204083371197616, guid: 5596d3db5342340439d6a473163e0a5b, type: 2}
      propertyPath: m_StaticEditorFlags
      value: 4294967295
      objectReference: {fileID: 0}
    - target: {fileID: 1705919842314864, guid: 5596d3db5342340439d6a473163e0a5b, type: 2}
      propertyPath: m_StaticEditorFlags
      value: 4294967295
      objectReference: {fileID: 0}
    - target: {fileID: 1591090236956704, guid: 5596d3db5342340439d6a473163e0a5b, type: 2}
      propertyPath: m_StaticEditorFlags
      value: 4294967295
      objectReference: {fileID: 0}
    - target: {fileID: 1236142643701352, guid: 5596d3db5342340439d6a473163e0a5b, type: 2}
      propertyPath: m_StaticEditorFlags
      value: 4294967295
      objectReference: {fileID: 0}
    - target: {fileID: 1925775501705028, guid: 5596d3db5342340439d6a473163e0a5b, type: 2}
      propertyPath: m_StaticEditorFlags
      value: 4294967295
      objectReference: {fileID: 0}
    - target: {fileID: 1621063398242504, guid: 5596d3db5342340439d6a473163e0a5b, type: 2}
      propertyPath: m_StaticEditorFlags
      value: 4294967295
      objectReference: {fileID: 0}
    - target: {fileID: 1994937990009400, guid: 5596d3db5342340439d6a473163e0a5b, type: 2}
      propertyPath: m_StaticEditorFlags
      value: 4294967295
      objectReference: {fileID: 0}
    - target: {fileID: 1010272876371040, guid: 5596d3db5342340439d6a473163e0a5b, type: 2}
      propertyPath: m_StaticEditorFlags
      value: 4294967295
      objectReference: {fileID: 0}
    - target: {fileID: 1838107946180702, guid: 5596d3db5342340439d6a473163e0a5b, type: 2}
      propertyPath: m_StaticEditorFlags
      value: 4294967295
      objectReference: {fileID: 0}
    - target: {fileID: 1985196293128170, guid: 5596d3db5342340439d6a473163e0a5b, type: 2}
      propertyPath: m_StaticEditorFlags
      value: 4294967295
      objectReference: {fileID: 0}
    - target: {fileID: 1580055801001796, guid: 5596d3db5342340439d6a473163e0a5b, type: 2}
      propertyPath: m_StaticEditorFlags
      value: 4294967295
      objectReference: {fileID: 0}
    - target: {fileID: 1489234733425506, guid: 5596d3db5342340439d6a473163e0a5b, type: 2}
      propertyPath: m_StaticEditorFlags
      value: 4294967295
      objectReference: {fileID: 0}
    - target: {fileID: 1993360103358188, guid: 5596d3db5342340439d6a473163e0a5b, type: 2}
      propertyPath: m_StaticEditorFlags
      value: 4294967295
      objectReference: {fileID: 0}
    - target: {fileID: 1818430355216346, guid: 5596d3db5342340439d6a473163e0a5b, type: 2}
      propertyPath: m_StaticEditorFlags
      value: 4294967295
      objectReference: {fileID: 0}
    - target: {fileID: 1492559769726536, guid: 5596d3db5342340439d6a473163e0a5b, type: 2}
      propertyPath: m_StaticEditorFlags
      value: 4294967295
      objectReference: {fileID: 0}
    - target: {fileID: 1875144040666400, guid: 5596d3db5342340439d6a473163e0a5b, type: 2}
      propertyPath: m_StaticEditorFlags
      value: 4294967295
      objectReference: {fileID: 0}
    - target: {fileID: 1073925540642626, guid: 5596d3db5342340439d6a473163e0a5b, type: 2}
      propertyPath: m_StaticEditorFlags
      value: 4294967295
      objectReference: {fileID: 0}
    - target: {fileID: 1517245978707028, guid: 5596d3db5342340439d6a473163e0a5b, type: 2}
      propertyPath: m_StaticEditorFlags
      value: 4294967295
      objectReference: {fileID: 0}
    - target: {fileID: 1952915545282380, guid: 5596d3db5342340439d6a473163e0a5b, type: 2}
      propertyPath: m_StaticEditorFlags
      value: 4294967295
      objectReference: {fileID: 0}
    - target: {fileID: 1068133082814834, guid: 5596d3db5342340439d6a473163e0a5b, type: 2}
      propertyPath: m_StaticEditorFlags
      value: 4294967295
      objectReference: {fileID: 0}
    - target: {fileID: 1990319592220690, guid: 5596d3db5342340439d6a473163e0a5b, type: 2}
      propertyPath: m_StaticEditorFlags
      value: 4294967295
      objectReference: {fileID: 0}
    - target: {fileID: 1490060132970490, guid: 5596d3db5342340439d6a473163e0a5b, type: 2}
      propertyPath: m_StaticEditorFlags
      value: 4294967295
      objectReference: {fileID: 0}
    - target: {fileID: 1958662100149788, guid: 5596d3db5342340439d6a473163e0a5b, type: 2}
      propertyPath: m_StaticEditorFlags
      value: 4294967295
      objectReference: {fileID: 0}
    - target: {fileID: 1579967128527866, guid: 5596d3db5342340439d6a473163e0a5b, type: 2}
      propertyPath: m_StaticEditorFlags
      value: 4294967295
      objectReference: {fileID: 0}
    - target: {fileID: 1371912979997558, guid: 5596d3db5342340439d6a473163e0a5b, type: 2}
      propertyPath: m_StaticEditorFlags
      value: 4294967295
      objectReference: {fileID: 0}
    - target: {fileID: 1113898384781018, guid: 5596d3db5342340439d6a473163e0a5b, type: 2}
      propertyPath: m_StaticEditorFlags
      value: 4294967295
      objectReference: {fileID: 0}
    - target: {fileID: 1897223737178122, guid: 5596d3db5342340439d6a473163e0a5b, type: 2}
      propertyPath: m_StaticEditorFlags
      value: 4294967295
      objectReference: {fileID: 0}
    - target: {fileID: 1065488622414256, guid: 5596d3db5342340439d6a473163e0a5b, type: 2}
      propertyPath: m_StaticEditorFlags
      value: 4294967295
      objectReference: {fileID: 0}
    - target: {fileID: 1749892826823512, guid: 5596d3db5342340439d6a473163e0a5b, type: 2}
      propertyPath: m_StaticEditorFlags
      value: 4294967295
      objectReference: {fileID: 0}
    - target: {fileID: 1533579046060308, guid: 5596d3db5342340439d6a473163e0a5b, type: 2}
      propertyPath: m_StaticEditorFlags
      value: 4294967295
      objectReference: {fileID: 0}
    - target: {fileID: 1173215042349036, guid: 5596d3db5342340439d6a473163e0a5b, type: 2}
      propertyPath: m_StaticEditorFlags
      value: 4294967295
      objectReference: {fileID: 0}
    - target: {fileID: 1424947658955766, guid: 5596d3db5342340439d6a473163e0a5b, type: 2}
      propertyPath: m_StaticEditorFlags
      value: 4294967295
      objectReference: {fileID: 0}
    - target: {fileID: 1998483496697360, guid: 5596d3db5342340439d6a473163e0a5b, type: 2}
      propertyPath: m_StaticEditorFlags
      value: 4294967295
      objectReference: {fileID: 0}
    - target: {fileID: 1668529029749024, guid: 5596d3db5342340439d6a473163e0a5b, type: 2}
      propertyPath: m_StaticEditorFlags
      value: 4294967295
      objectReference: {fileID: 0}
    - target: {fileID: 1583251374045842, guid: 5596d3db5342340439d6a473163e0a5b, type: 2}
      propertyPath: m_StaticEditorFlags
      value: 4294967295
      objectReference: {fileID: 0}
    - target: {fileID: 1096293845041640, guid: 5596d3db5342340439d6a473163e0a5b, type: 2}
      propertyPath: m_StaticEditorFlags
      value: 4294967295
      objectReference: {fileID: 0}
    - target: {fileID: 1915101937969634, guid: 5596d3db5342340439d6a473163e0a5b, type: 2}
      propertyPath: m_StaticEditorFlags
      value: 4294967295
      objectReference: {fileID: 0}
    - target: {fileID: 1457400882343908, guid: 5596d3db5342340439d6a473163e0a5b, type: 2}
      propertyPath: m_StaticEditorFlags
      value: 4294967295
      objectReference: {fileID: 0}
    - target: {fileID: 1439318849093046, guid: 5596d3db5342340439d6a473163e0a5b, type: 2}
      propertyPath: m_StaticEditorFlags
      value: 4294967295
      objectReference: {fileID: 0}
    - target: {fileID: 1143539829524510, guid: 5596d3db5342340439d6a473163e0a5b, type: 2}
      propertyPath: m_StaticEditorFlags
      value: 4294967295
      objectReference: {fileID: 0}
    - target: {fileID: 1003486720449416, guid: 5596d3db5342340439d6a473163e0a5b, type: 2}
      propertyPath: m_StaticEditorFlags
      value: 4294967295
      objectReference: {fileID: 0}
    - target: {fileID: 1608268840680640, guid: 5596d3db5342340439d6a473163e0a5b, type: 2}
      propertyPath: m_StaticEditorFlags
      value: 4294967295
      objectReference: {fileID: 0}
    - target: {fileID: 1183900443536444, guid: 5596d3db5342340439d6a473163e0a5b, type: 2}
      propertyPath: m_StaticEditorFlags
      value: 4294967295
      objectReference: {fileID: 0}
    - target: {fileID: 1269457649324200, guid: 5596d3db5342340439d6a473163e0a5b, type: 2}
      propertyPath: m_StaticEditorFlags
      value: 4294967295
      objectReference: {fileID: 0}
    - target: {fileID: 1792527464704476, guid: 5596d3db5342340439d6a473163e0a5b, type: 2}
      propertyPath: m_StaticEditorFlags
      value: 4294967295
      objectReference: {fileID: 0}
    - target: {fileID: 1529272254964294, guid: 5596d3db5342340439d6a473163e0a5b, type: 2}
      propertyPath: m_StaticEditorFlags
      value: 4294967295
      objectReference: {fileID: 0}
    - target: {fileID: 1622902959869824, guid: 5596d3db5342340439d6a473163e0a5b, type: 2}
      propertyPath: m_StaticEditorFlags
      value: 4294967295
      objectReference: {fileID: 0}
    - target: {fileID: 1033995811546066, guid: 5596d3db5342340439d6a473163e0a5b, type: 2}
      propertyPath: m_StaticEditorFlags
      value: 4294967295
      objectReference: {fileID: 0}
    - target: {fileID: 1122801669786392, guid: 5596d3db5342340439d6a473163e0a5b, type: 2}
      propertyPath: m_StaticEditorFlags
      value: 4294967295
      objectReference: {fileID: 0}
    - target: {fileID: 1172142046944038, guid: 5596d3db5342340439d6a473163e0a5b, type: 2}
      propertyPath: m_StaticEditorFlags
      value: 4294967295
      objectReference: {fileID: 0}
    - target: {fileID: 1013524374539054, guid: 5596d3db5342340439d6a473163e0a5b, type: 2}
      propertyPath: m_StaticEditorFlags
      value: 4294967295
      objectReference: {fileID: 0}
    - target: {fileID: 1322948303227630, guid: 5596d3db5342340439d6a473163e0a5b, type: 2}
      propertyPath: m_StaticEditorFlags
      value: 4294967295
      objectReference: {fileID: 0}
    - target: {fileID: 1637016998200962, guid: 5596d3db5342340439d6a473163e0a5b, type: 2}
      propertyPath: m_StaticEditorFlags
      value: 4294967295
      objectReference: {fileID: 0}
    - target: {fileID: 1042311915136500, guid: 5596d3db5342340439d6a473163e0a5b, type: 2}
      propertyPath: m_StaticEditorFlags
      value: 4294967295
      objectReference: {fileID: 0}
    - target: {fileID: 1964131953169490, guid: 5596d3db5342340439d6a473163e0a5b, type: 2}
      propertyPath: m_StaticEditorFlags
      value: 4294967295
      objectReference: {fileID: 0}
    - target: {fileID: 1272971210693182, guid: 5596d3db5342340439d6a473163e0a5b, type: 2}
      propertyPath: m_StaticEditorFlags
      value: 4294967295
      objectReference: {fileID: 0}
    - target: {fileID: 1242448564084248, guid: 5596d3db5342340439d6a473163e0a5b, type: 2}
      propertyPath: m_StaticEditorFlags
      value: 4294967295
      objectReference: {fileID: 0}
    - target: {fileID: 1176579842907780, guid: 5596d3db5342340439d6a473163e0a5b, type: 2}
      propertyPath: m_StaticEditorFlags
      value: 4294967295
      objectReference: {fileID: 0}
    - target: {fileID: 1072986914421634, guid: 5596d3db5342340439d6a473163e0a5b, type: 2}
      propertyPath: m_StaticEditorFlags
      value: 4294967295
      objectReference: {fileID: 0}
    - target: {fileID: 1387332888734342, guid: 5596d3db5342340439d6a473163e0a5b, type: 2}
      propertyPath: m_StaticEditorFlags
      value: 4294967295
      objectReference: {fileID: 0}
    - target: {fileID: 1872041253759912, guid: 5596d3db5342340439d6a473163e0a5b, type: 2}
      propertyPath: m_StaticEditorFlags
      value: 4294967295
      objectReference: {fileID: 0}
    - target: {fileID: 1312250109720356, guid: 5596d3db5342340439d6a473163e0a5b, type: 2}
      propertyPath: m_StaticEditorFlags
      value: 4294967295
      objectReference: {fileID: 0}
    - target: {fileID: 1543635352102100, guid: 5596d3db5342340439d6a473163e0a5b, type: 2}
      propertyPath: m_StaticEditorFlags
      value: 4294967295
      objectReference: {fileID: 0}
    - target: {fileID: 1874247465564470, guid: 5596d3db5342340439d6a473163e0a5b, type: 2}
      propertyPath: m_StaticEditorFlags
      value: 4294967295
      objectReference: {fileID: 0}
    - target: {fileID: 1856522808835876, guid: 5596d3db5342340439d6a473163e0a5b, type: 2}
      propertyPath: m_StaticEditorFlags
      value: 4294967295
      objectReference: {fileID: 0}
    - target: {fileID: 1717692684083828, guid: 5596d3db5342340439d6a473163e0a5b, type: 2}
      propertyPath: m_StaticEditorFlags
      value: 4294967295
      objectReference: {fileID: 0}
    - target: {fileID: 1694421977878334, guid: 5596d3db5342340439d6a473163e0a5b, type: 2}
      propertyPath: m_StaticEditorFlags
      value: 4294967295
      objectReference: {fileID: 0}
    - target: {fileID: 1278139119726180, guid: 5596d3db5342340439d6a473163e0a5b, type: 2}
      propertyPath: m_StaticEditorFlags
      value: 4294967295
      objectReference: {fileID: 0}
    - target: {fileID: 1447846539943388, guid: 5596d3db5342340439d6a473163e0a5b, type: 2}
      propertyPath: m_StaticEditorFlags
      value: 4294967295
      objectReference: {fileID: 0}
    - target: {fileID: 1756978062344974, guid: 5596d3db5342340439d6a473163e0a5b, type: 2}
      propertyPath: m_StaticEditorFlags
      value: 4294967295
      objectReference: {fileID: 0}
    - target: {fileID: 1826447367044690, guid: 5596d3db5342340439d6a473163e0a5b, type: 2}
      propertyPath: m_StaticEditorFlags
      value: 4294967295
      objectReference: {fileID: 0}
    - target: {fileID: 1718864945617042, guid: 5596d3db5342340439d6a473163e0a5b, type: 2}
      propertyPath: m_StaticEditorFlags
      value: 4294967295
      objectReference: {fileID: 0}
    - target: {fileID: 1507769189581318, guid: 5596d3db5342340439d6a473163e0a5b, type: 2}
      propertyPath: m_StaticEditorFlags
      value: 4294967295
      objectReference: {fileID: 0}
    - target: {fileID: 1435579917288908, guid: 5596d3db5342340439d6a473163e0a5b, type: 2}
      propertyPath: m_StaticEditorFlags
      value: 4294967295
      objectReference: {fileID: 0}
    - target: {fileID: 1197883175385764, guid: 5596d3db5342340439d6a473163e0a5b, type: 2}
      propertyPath: m_StaticEditorFlags
      value: 4294967295
      objectReference: {fileID: 0}
    - target: {fileID: 1823772352047744, guid: 5596d3db5342340439d6a473163e0a5b, type: 2}
      propertyPath: m_StaticEditorFlags
      value: 4294967295
      objectReference: {fileID: 0}
    - target: {fileID: 1292960263393800, guid: 5596d3db5342340439d6a473163e0a5b, type: 2}
      propertyPath: m_StaticEditorFlags
      value: 4294967295
      objectReference: {fileID: 0}
    - target: {fileID: 1337004826655376, guid: 5596d3db5342340439d6a473163e0a5b, type: 2}
      propertyPath: m_StaticEditorFlags
      value: 4294967295
      objectReference: {fileID: 0}
    - target: {fileID: 1404577591079436, guid: 5596d3db5342340439d6a473163e0a5b, type: 2}
      propertyPath: m_StaticEditorFlags
      value: 4294967295
      objectReference: {fileID: 0}
    - target: {fileID: 1453079635566888, guid: 5596d3db5342340439d6a473163e0a5b, type: 2}
      propertyPath: m_StaticEditorFlags
      value: 4294967295
      objectReference: {fileID: 0}
    - target: {fileID: 1798022827329508, guid: 5596d3db5342340439d6a473163e0a5b, type: 2}
      propertyPath: m_StaticEditorFlags
      value: 4294967295
      objectReference: {fileID: 0}
    - target: {fileID: 1691565950446448, guid: 5596d3db5342340439d6a473163e0a5b, type: 2}
      propertyPath: m_StaticEditorFlags
      value: 4294967295
      objectReference: {fileID: 0}
    - target: {fileID: 1983797892113542, guid: 5596d3db5342340439d6a473163e0a5b, type: 2}
      propertyPath: m_StaticEditorFlags
      value: 4294967295
      objectReference: {fileID: 0}
    - target: {fileID: 1128511523521706, guid: 5596d3db5342340439d6a473163e0a5b, type: 2}
      propertyPath: m_StaticEditorFlags
      value: 4294967295
      objectReference: {fileID: 0}
    - target: {fileID: 1930300527992972, guid: 5596d3db5342340439d6a473163e0a5b, type: 2}
      propertyPath: m_StaticEditorFlags
      value: 4294967295
      objectReference: {fileID: 0}
    - target: {fileID: 1388632889477744, guid: 5596d3db5342340439d6a473163e0a5b, type: 2}
      propertyPath: m_StaticEditorFlags
      value: 4294967295
      objectReference: {fileID: 0}
    - target: {fileID: 1145849965363676, guid: 5596d3db5342340439d6a473163e0a5b, type: 2}
      propertyPath: m_StaticEditorFlags
      value: 4294967295
      objectReference: {fileID: 0}
    - target: {fileID: 1059258495633986, guid: 5596d3db5342340439d6a473163e0a5b, type: 2}
      propertyPath: m_StaticEditorFlags
      value: 4294967295
      objectReference: {fileID: 0}
    - target: {fileID: 1213624166351062, guid: 5596d3db5342340439d6a473163e0a5b, type: 2}
      propertyPath: m_StaticEditorFlags
      value: 4294967295
      objectReference: {fileID: 0}
    - target: {fileID: 1346425611041640, guid: 5596d3db5342340439d6a473163e0a5b, type: 2}
      propertyPath: m_StaticEditorFlags
      value: 4294967295
      objectReference: {fileID: 0}
    - target: {fileID: 1827834523532282, guid: 5596d3db5342340439d6a473163e0a5b, type: 2}
      propertyPath: m_StaticEditorFlags
      value: 4294967295
      objectReference: {fileID: 0}
    - target: {fileID: 1463187566922446, guid: 5596d3db5342340439d6a473163e0a5b, type: 2}
      propertyPath: m_StaticEditorFlags
      value: 4294967295
      objectReference: {fileID: 0}
    - target: {fileID: 1334441229736396, guid: 5596d3db5342340439d6a473163e0a5b, type: 2}
      propertyPath: m_StaticEditorFlags
      value: 4294967295
      objectReference: {fileID: 0}
    - target: {fileID: 1717192290816060, guid: 5596d3db5342340439d6a473163e0a5b, type: 2}
      propertyPath: m_StaticEditorFlags
      value: 4294967295
      objectReference: {fileID: 0}
    - target: {fileID: 1291031691394630, guid: 5596d3db5342340439d6a473163e0a5b, type: 2}
      propertyPath: m_StaticEditorFlags
      value: 4294967295
      objectReference: {fileID: 0}
    - target: {fileID: 1953916146927064, guid: 5596d3db5342340439d6a473163e0a5b, type: 2}
      propertyPath: m_StaticEditorFlags
      value: 4294967295
      objectReference: {fileID: 0}
    - target: {fileID: 1419590659885276, guid: 5596d3db5342340439d6a473163e0a5b, type: 2}
      propertyPath: m_StaticEditorFlags
      value: 4294967295
      objectReference: {fileID: 0}
    m_RemovedComponents: []
  m_ParentPrefab: {fileID: 100100000, guid: 5596d3db5342340439d6a473163e0a5b, type: 2}
  m_IsPrefabParent: 0
--- !u!224 &1040979698 stripped
RectTransform:
  m_PrefabParentObject: {fileID: 224973147390086698, guid: 1d8e2378e412f204d85cdfda97b47892,
    type: 2}
  m_PrefabInternal: {fileID: 762492756}
--- !u!1 &1073146069
GameObject:
  m_ObjectHideFlags: 0
  m_PrefabParentObject: {fileID: 0}
  m_PrefabInternal: {fileID: 0}
  serializedVersion: 5
  m_Component:
  - component: {fileID: 1073146074}
  - component: {fileID: 1073146073}
  - component: {fileID: 1073146072}
  - component: {fileID: 1073146071}
  - component: {fileID: 1073146070}
  - component: {fileID: 1073146075}
  m_Layer: 0
  m_Name: Main Camera
  m_TagString: MainCamera
  m_Icon: {fileID: 0}
  m_NavMeshLayer: 0
  m_StaticEditorFlags: 0
  m_IsActive: 1
--- !u!114 &1073146070
MonoBehaviour:
  m_ObjectHideFlags: 0
  m_PrefabParentObject: {fileID: 0}
  m_PrefabInternal: {fileID: 0}
  m_GameObject: {fileID: 1073146069}
  m_Enabled: 0
  m_EditorHideFlags: 0
  m_Script: {fileID: 11500000, guid: ceada3c3a79718d44876bbb8c0969348, type: 3}
  m_Name: 
  m_EditorClassIdentifier: 
  _Type: 0
  offset: {x: 1, y: 1}
  speed: 5
--- !u!81 &1073146071
AudioListener:
  m_ObjectHideFlags: 0
  m_PrefabParentObject: {fileID: 0}
  m_PrefabInternal: {fileID: 0}
  m_GameObject: {fileID: 1073146069}
  m_Enabled: 1
--- !u!124 &1073146072
Behaviour:
  m_ObjectHideFlags: 0
  m_PrefabParentObject: {fileID: 0}
  m_PrefabInternal: {fileID: 0}
  m_GameObject: {fileID: 1073146069}
  m_Enabled: 1
--- !u!20 &1073146073
Camera:
  m_ObjectHideFlags: 0
  m_PrefabParentObject: {fileID: 0}
  m_PrefabInternal: {fileID: 0}
  m_GameObject: {fileID: 1073146069}
  m_Enabled: 1
  serializedVersion: 2
  m_ClearFlags: 1
  m_BackGroundColor: {r: 0, g: 0.5377358, b: 0.11763445, a: 0}
  m_NormalizedViewPortRect:
    serializedVersion: 2
    x: 0
    y: 0
    width: 1
    height: 1
  near clip plane: 0.3
  far clip plane: 1000
  field of view: 60
  orthographic: 0
  orthographic size: 0.8871331
  m_Depth: -1
  m_CullingMask:
    serializedVersion: 2
    m_Bits: 4294967295
  m_RenderingPath: -1
  m_TargetTexture: {fileID: 0}
  m_TargetDisplay: 0
  m_TargetEye: 3
  m_HDR: 1
  m_AllowMSAA: 1
  m_AllowDynamicResolution: 0
  m_ForceIntoRT: 0
  m_OcclusionCulling: 1
  m_StereoConvergence: 10
  m_StereoSeparation: 0.022
--- !u!4 &1073146074
Transform:
  m_ObjectHideFlags: 0
  m_PrefabParentObject: {fileID: 0}
  m_PrefabInternal: {fileID: 0}
  m_GameObject: {fileID: 1073146069}
  m_LocalRotation: {x: 0.10627526, y: 0.28254765, z: -0.029520985, w: 0.9528909}
  m_LocalPosition: {x: 2.844088, y: 32.43, z: -6.5215473}
  m_LocalScale: {x: 1, y: 1, z: 1}
  m_Children: []
  m_Father: {fileID: 0}
  m_RootOrder: 0
  m_LocalEulerAnglesHint: {x: 0, y: 0, z: 0}
--- !u!114 &1073146075
MonoBehaviour:
  m_ObjectHideFlags: 0
  m_PrefabParentObject: {fileID: 0}
  m_PrefabInternal: {fileID: 0}
  m_GameObject: {fileID: 1073146069}
  m_Enabled: 1
  m_EditorHideFlags: 0
  m_Script: {fileID: 11500000, guid: 2021acc01ad6d764290c007355d055bf, type: 3}
  m_Name: 
  m_EditorClassIdentifier: 
  cameraOffset: {x: 0, y: 2, z: -5}
  damping: 5
--- !u!1001 &1249926992
Prefab:
  m_ObjectHideFlags: 0
  serializedVersion: 2
  m_Modification:
    m_TransformParent: {fileID: 0}
    m_Modifications:
    - target: {fileID: 4988910059822500, guid: 1e03e9d231f36144bb363cd810c10df7, type: 2}
      propertyPath: m_LocalPosition.x
      value: -7.24
      objectReference: {fileID: 0}
    - target: {fileID: 4988910059822500, guid: 1e03e9d231f36144bb363cd810c10df7, type: 2}
      propertyPath: m_LocalPosition.y
      value: -1.4190631
      objectReference: {fileID: 0}
    - target: {fileID: 4988910059822500, guid: 1e03e9d231f36144bb363cd810c10df7, type: 2}
      propertyPath: m_LocalPosition.z
      value: -12.62
      objectReference: {fileID: 0}
    - target: {fileID: 4988910059822500, guid: 1e03e9d231f36144bb363cd810c10df7, type: 2}
      propertyPath: m_LocalRotation.x
      value: 0
      objectReference: {fileID: 0}
    - target: {fileID: 4988910059822500, guid: 1e03e9d231f36144bb363cd810c10df7, type: 2}
      propertyPath: m_LocalRotation.y
      value: 1
      objectReference: {fileID: 0}
    - target: {fileID: 4988910059822500, guid: 1e03e9d231f36144bb363cd810c10df7, type: 2}
      propertyPath: m_LocalRotation.z
      value: 0
      objectReference: {fileID: 0}
    - target: {fileID: 4988910059822500, guid: 1e03e9d231f36144bb363cd810c10df7, type: 2}
      propertyPath: m_LocalRotation.w
      value: 0
      objectReference: {fileID: 0}
    - target: {fileID: 4988910059822500, guid: 1e03e9d231f36144bb363cd810c10df7, type: 2}
      propertyPath: m_RootOrder
      value: 10
      objectReference: {fileID: 0}
    m_RemovedComponents: []
  m_ParentPrefab: {fileID: 100100000, guid: 1e03e9d231f36144bb363cd810c10df7, type: 2}
  m_IsPrefabParent: 0
--- !u!114 &1251330829 stripped
MonoBehaviour:
  m_PrefabParentObject: {fileID: 114996234377333300, guid: 1e03e9d231f36144bb363cd810c10df7,
    type: 2}
  m_PrefabInternal: {fileID: 1249926992}
  m_Script: {fileID: 11500000, guid: 7628b4f9d6892d342a680c94b0e00c4f, type: 3}
--- !u!1001 &1410696123
Prefab:
  m_ObjectHideFlags: 0
  serializedVersion: 2
  m_Modification:
    m_TransformParent: {fileID: 1560792260}
    m_Modifications:
    - target: {fileID: 224321450033149902, guid: 75e1831e76be7e04c9b53217c51d9053,
        type: 2}
      propertyPath: m_LocalPosition.x
      value: 0
      objectReference: {fileID: 0}
    - target: {fileID: 224321450033149902, guid: 75e1831e76be7e04c9b53217c51d9053,
        type: 2}
      propertyPath: m_LocalPosition.y
      value: 0
      objectReference: {fileID: 0}
    - target: {fileID: 224321450033149902, guid: 75e1831e76be7e04c9b53217c51d9053,
        type: 2}
      propertyPath: m_LocalPosition.z
      value: 0
      objectReference: {fileID: 0}
    - target: {fileID: 224321450033149902, guid: 75e1831e76be7e04c9b53217c51d9053,
        type: 2}
      propertyPath: m_LocalRotation.x
      value: 0
      objectReference: {fileID: 0}
    - target: {fileID: 224321450033149902, guid: 75e1831e76be7e04c9b53217c51d9053,
        type: 2}
      propertyPath: m_LocalRotation.y
      value: 0
      objectReference: {fileID: 0}
    - target: {fileID: 224321450033149902, guid: 75e1831e76be7e04c9b53217c51d9053,
        type: 2}
      propertyPath: m_LocalRotation.z
      value: 0
      objectReference: {fileID: 0}
    - target: {fileID: 224321450033149902, guid: 75e1831e76be7e04c9b53217c51d9053,
        type: 2}
      propertyPath: m_LocalRotation.w
      value: 1
      objectReference: {fileID: 0}
    - target: {fileID: 224321450033149902, guid: 75e1831e76be7e04c9b53217c51d9053,
        type: 2}
      propertyPath: m_RootOrder
      value: 0
      objectReference: {fileID: 0}
    - target: {fileID: 224321450033149902, guid: 75e1831e76be7e04c9b53217c51d9053,
        type: 2}
      propertyPath: m_AnchoredPosition.x
      value: 0
      objectReference: {fileID: 0}
    - target: {fileID: 224321450033149902, guid: 75e1831e76be7e04c9b53217c51d9053,
        type: 2}
      propertyPath: m_AnchoredPosition.y
      value: 0
      objectReference: {fileID: 0}
    - target: {fileID: 224321450033149902, guid: 75e1831e76be7e04c9b53217c51d9053,
        type: 2}
      propertyPath: m_SizeDelta.x
      value: 0
      objectReference: {fileID: 0}
    - target: {fileID: 224321450033149902, guid: 75e1831e76be7e04c9b53217c51d9053,
        type: 2}
      propertyPath: m_SizeDelta.y
      value: 0
      objectReference: {fileID: 0}
    - target: {fileID: 224321450033149902, guid: 75e1831e76be7e04c9b53217c51d9053,
        type: 2}
      propertyPath: m_AnchorMin.x
      value: 0.7
      objectReference: {fileID: 0}
    - target: {fileID: 224321450033149902, guid: 75e1831e76be7e04c9b53217c51d9053,
        type: 2}
      propertyPath: m_AnchorMin.y
      value: 0.808
      objectReference: {fileID: 0}
    - target: {fileID: 224321450033149902, guid: 75e1831e76be7e04c9b53217c51d9053,
        type: 2}
      propertyPath: m_AnchorMax.x
      value: 0.82
      objectReference: {fileID: 0}
    - target: {fileID: 224321450033149902, guid: 75e1831e76be7e04c9b53217c51d9053,
        type: 2}
      propertyPath: m_AnchorMax.y
      value: 1
      objectReference: {fileID: 0}
    - target: {fileID: 224321450033149902, guid: 75e1831e76be7e04c9b53217c51d9053,
        type: 2}
      propertyPath: m_Pivot.x
      value: 0.5
      objectReference: {fileID: 0}
    - target: {fileID: 224321450033149902, guid: 75e1831e76be7e04c9b53217c51d9053,
        type: 2}
      propertyPath: m_Pivot.y
      value: 0.5
      objectReference: {fileID: 0}
    m_RemovedComponents: []
  m_ParentPrefab: {fileID: 100100000, guid: 75e1831e76be7e04c9b53217c51d9053, type: 2}
  m_IsPrefabParent: 0
--- !u!1001 &1451356509
Prefab:
  m_ObjectHideFlags: 0
  serializedVersion: 2
  m_Modification:
    m_TransformParent: {fileID: 0}
    m_Modifications:
    - target: {fileID: 4694793833605610, guid: ca4cc01ebe319044fb80aaab7e49ea4b, type: 2}
      propertyPath: m_LocalPosition.x
      value: 1.2459067
      objectReference: {fileID: 0}
    - target: {fileID: 4694793833605610, guid: ca4cc01ebe319044fb80aaab7e49ea4b, type: 2}
      propertyPath: m_LocalPosition.y
      value: -0.5
      objectReference: {fileID: 0}
    - target: {fileID: 4694793833605610, guid: ca4cc01ebe319044fb80aaab7e49ea4b, type: 2}
      propertyPath: m_LocalPosition.z
      value: -13.886268
      objectReference: {fileID: 0}
    - target: {fileID: 4694793833605610, guid: ca4cc01ebe319044fb80aaab7e49ea4b, type: 2}
      propertyPath: m_LocalRotation.x
      value: 0
      objectReference: {fileID: 0}
    - target: {fileID: 4694793833605610, guid: ca4cc01ebe319044fb80aaab7e49ea4b, type: 2}
      propertyPath: m_LocalRotation.y
      value: 0
      objectReference: {fileID: 0}
    - target: {fileID: 4694793833605610, guid: ca4cc01ebe319044fb80aaab7e49ea4b, type: 2}
      propertyPath: m_LocalRotation.z
      value: 0
      objectReference: {fileID: 0}
    - target: {fileID: 4694793833605610, guid: ca4cc01ebe319044fb80aaab7e49ea4b, type: 2}
      propertyPath: m_LocalRotation.w
      value: 1
      objectReference: {fileID: 0}
    - target: {fileID: 4694793833605610, guid: ca4cc01ebe319044fb80aaab7e49ea4b, type: 2}
      propertyPath: m_RootOrder
      value: 2
      objectReference: {fileID: 0}
    m_RemovedComponents: []
  m_ParentPrefab: {fileID: 100100000, guid: ca4cc01ebe319044fb80aaab7e49ea4b, type: 2}
  m_IsPrefabParent: 0
--- !u!1 &1560792259
GameObject:
  m_ObjectHideFlags: 0
  m_PrefabParentObject: {fileID: 1604506146869484, guid: 04bdd24c09941de4ba54d5ed39301550,
    type: 2}
  m_PrefabInternal: {fileID: 0}
  serializedVersion: 5
  m_Component:
  - component: {fileID: 1560792260}
  m_Layer: 5
  m_Name: PlayerPrefNico
  m_TagString: Untagged
  m_Icon: {fileID: 0}
  m_NavMeshLayer: 0
  m_StaticEditorFlags: 0
  m_IsActive: 1
--- !u!224 &1560792260
RectTransform:
  m_ObjectHideFlags: 0
  m_PrefabParentObject: {fileID: 224741728212977076, guid: 04bdd24c09941de4ba54d5ed39301550,
    type: 2}
  m_PrefabInternal: {fileID: 0}
  m_GameObject: {fileID: 1560792259}
  m_LocalRotation: {x: 0, y: 0, z: 0, w: 1}
  m_LocalPosition: {x: 0, y: 0, z: 0}
  m_LocalScale: {x: 1, y: 1, z: 1}
  m_Children:
  - {fileID: 1729376197}
  - {fileID: 2007147850}
  - {fileID: 1040979698}
  - {fileID: 939389461}
  - {fileID: 1923579794}
  m_Father: {fileID: 1920777551}
  m_RootOrder: 0
  m_LocalEulerAnglesHint: {x: 0, y: 0, z: 0}
  m_AnchorMin: {x: 0, y: 0}
  m_AnchorMax: {x: 1, y: 1}
  m_AnchoredPosition: {x: 0, y: 0}
  m_SizeDelta: {x: 0, y: 0}
  m_Pivot: {x: 0.5, y: 0.5}
--- !u!114 &1582954908 stripped
MonoBehaviour:
  m_PrefabParentObject: {fileID: 114501085277022216, guid: 77281a797ab8f3c4d8b2b3e58389142f,
    type: 2}
  m_PrefabInternal: {fileID: 2140223421}
  m_Script: {fileID: 708705254, guid: f70555f144d8491a825f0804e09c671c, type: 3}
--- !u!224 &1729376197 stripped
RectTransform:
  m_PrefabParentObject: {fileID: 224321450033149902, guid: 75e1831e76be7e04c9b53217c51d9053,
    type: 2}
  m_PrefabInternal: {fileID: 1410696123}
--- !u!1 &1773034615 stripped
GameObject:
  m_PrefabParentObject: {fileID: 1404424369629676, guid: 75e1831e76be7e04c9b53217c51d9053,
    type: 2}
  m_PrefabInternal: {fileID: 1410696123}
--- !u!1001 &1850497859
Prefab:
  m_ObjectHideFlags: 0
  serializedVersion: 2
  m_Modification:
    m_TransformParent: {fileID: 1560792260}
    m_Modifications:
    - target: {fileID: 224620471677645320, guid: 40f0fd8c20c6e224b8534481c5a25055,
        type: 2}
      propertyPath: m_LocalPosition.x
      value: 0
      objectReference: {fileID: 0}
    - target: {fileID: 224620471677645320, guid: 40f0fd8c20c6e224b8534481c5a25055,
        type: 2}
      propertyPath: m_LocalPosition.y
      value: 0
      objectReference: {fileID: 0}
    - target: {fileID: 224620471677645320, guid: 40f0fd8c20c6e224b8534481c5a25055,
        type: 2}
      propertyPath: m_LocalPosition.z
      value: 0
      objectReference: {fileID: 0}
    - target: {fileID: 224620471677645320, guid: 40f0fd8c20c6e224b8534481c5a25055,
        type: 2}
      propertyPath: m_LocalRotation.x
      value: -0
      objectReference: {fileID: 0}
    - target: {fileID: 224620471677645320, guid: 40f0fd8c20c6e224b8534481c5a25055,
        type: 2}
      propertyPath: m_LocalRotation.y
      value: -0
      objectReference: {fileID: 0}
    - target: {fileID: 224620471677645320, guid: 40f0fd8c20c6e224b8534481c5a25055,
        type: 2}
      propertyPath: m_LocalRotation.z
      value: -0
      objectReference: {fileID: 0}
    - target: {fileID: 224620471677645320, guid: 40f0fd8c20c6e224b8534481c5a25055,
        type: 2}
      propertyPath: m_LocalRotation.w
      value: 1
      objectReference: {fileID: 0}
    - target: {fileID: 224620471677645320, guid: 40f0fd8c20c6e224b8534481c5a25055,
        type: 2}
      propertyPath: m_RootOrder
      value: 4
      objectReference: {fileID: 0}
    - target: {fileID: 224620471677645320, guid: 40f0fd8c20c6e224b8534481c5a25055,
        type: 2}
      propertyPath: m_AnchoredPosition.x
      value: 0
      objectReference: {fileID: 0}
    - target: {fileID: 224620471677645320, guid: 40f0fd8c20c6e224b8534481c5a25055,
        type: 2}
      propertyPath: m_AnchoredPosition.y
      value: -0.00012207031
      objectReference: {fileID: 0}
    - target: {fileID: 224620471677645320, guid: 40f0fd8c20c6e224b8534481c5a25055,
        type: 2}
      propertyPath: m_SizeDelta.x
      value: 0
      objectReference: {fileID: 0}
    - target: {fileID: 224620471677645320, guid: 40f0fd8c20c6e224b8534481c5a25055,
        type: 2}
      propertyPath: m_SizeDelta.y
      value: 0
      objectReference: {fileID: 0}
    - target: {fileID: 224620471677645320, guid: 40f0fd8c20c6e224b8534481c5a25055,
        type: 2}
      propertyPath: m_AnchorMin.x
      value: 0.041
      objectReference: {fileID: 0}
    - target: {fileID: 224620471677645320, guid: 40f0fd8c20c6e224b8534481c5a25055,
        type: 2}
      propertyPath: m_AnchorMin.y
      value: 0.73423237
      objectReference: {fileID: 0}
    - target: {fileID: 224620471677645320, guid: 40f0fd8c20c6e224b8534481c5a25055,
        type: 2}
      propertyPath: m_AnchorMax.x
      value: 0.5317916
      objectReference: {fileID: 0}
    - target: {fileID: 224620471677645320, guid: 40f0fd8c20c6e224b8534481c5a25055,
        type: 2}
      propertyPath: m_AnchorMax.y
      value: 0.9
      objectReference: {fileID: 0}
    - target: {fileID: 224620471677645320, guid: 40f0fd8c20c6e224b8534481c5a25055,
        type: 2}
      propertyPath: m_Pivot.x
      value: 0.5
      objectReference: {fileID: 0}
    - target: {fileID: 224620471677645320, guid: 40f0fd8c20c6e224b8534481c5a25055,
        type: 2}
      propertyPath: m_Pivot.y
      value: 0.5
      objectReference: {fileID: 0}
    m_RemovedComponents: []
  m_ParentPrefab: {fileID: 100100000, guid: 40f0fd8c20c6e224b8534481c5a25055, type: 2}
  m_IsPrefabParent: 0
--- !u!1 &1920777547
GameObject:
  m_ObjectHideFlags: 0
  m_PrefabParentObject: {fileID: 0}
  m_PrefabInternal: {fileID: 0}
  serializedVersion: 5
  m_Component:
  - component: {fileID: 1920777551}
  - component: {fileID: 1920777550}
  - component: {fileID: 1920777549}
  - component: {fileID: 1920777548}
  m_Layer: 5
  m_Name: Canvas
  m_TagString: Untagged
  m_Icon: {fileID: 0}
  m_NavMeshLayer: 0
  m_StaticEditorFlags: 0
  m_IsActive: 1
--- !u!114 &1920777548
MonoBehaviour:
  m_ObjectHideFlags: 0
  m_PrefabParentObject: {fileID: 0}
  m_PrefabInternal: {fileID: 0}
  m_GameObject: {fileID: 1920777547}
  m_Enabled: 1
  m_EditorHideFlags: 0
  m_Script: {fileID: 1301386320, guid: f70555f144d8491a825f0804e09c671c, type: 3}
  m_Name: 
  m_EditorClassIdentifier: 
  m_IgnoreReversedGraphics: 1
  m_BlockingObjects: 0
  m_BlockingMask:
    serializedVersion: 2
    m_Bits: 4294967295
--- !u!114 &1920777549
MonoBehaviour:
  m_ObjectHideFlags: 0
  m_PrefabParentObject: {fileID: 0}
  m_PrefabInternal: {fileID: 0}
  m_GameObject: {fileID: 1920777547}
  m_Enabled: 1
  m_EditorHideFlags: 0
  m_Script: {fileID: 1980459831, guid: f70555f144d8491a825f0804e09c671c, type: 3}
  m_Name: 
  m_EditorClassIdentifier: 
  m_UiScaleMode: 1
  m_ReferencePixelsPerUnit: 100
  m_ScaleFactor: 1
  m_ReferenceResolution: {x: 1920, y: 1080}
  m_ScreenMatchMode: 0
  m_MatchWidthOrHeight: 0
  m_PhysicalUnit: 3
  m_FallbackScreenDPI: 96
  m_DefaultSpriteDPI: 96
  m_DynamicPixelsPerUnit: 1
--- !u!223 &1920777550
Canvas:
  m_ObjectHideFlags: 0
  m_PrefabParentObject: {fileID: 0}
  m_PrefabInternal: {fileID: 0}
  m_GameObject: {fileID: 1920777547}
  m_Enabled: 1
  serializedVersion: 3
  m_RenderMode: 0
  m_Camera: {fileID: 0}
  m_PlaneDistance: 100
  m_PixelPerfect: 0
  m_ReceivesEvents: 1
  m_OverrideSorting: 0
  m_OverridePixelPerfect: 0
  m_SortingBucketNormalizedSize: 0
  m_AdditionalShaderChannelsFlag: 0
  m_SortingLayerID: 0
  m_SortingOrder: 0
  m_TargetDisplay: 0
--- !u!224 &1920777551
RectTransform:
  m_ObjectHideFlags: 0
  m_PrefabParentObject: {fileID: 0}
  m_PrefabInternal: {fileID: 0}
  m_GameObject: {fileID: 1920777547}
  m_LocalRotation: {x: 0, y: 0, z: 0, w: 1}
  m_LocalPosition: {x: 0, y: 0, z: 0}
  m_LocalScale: {x: 0, y: 0, z: 0}
  m_Children:
  - {fileID: 1560792260}
  m_Father: {fileID: 0}
  m_RootOrder: 8
  m_LocalEulerAnglesHint: {x: 0, y: 0, z: 0}
  m_AnchorMin: {x: 0, y: 0}
  m_AnchorMax: {x: 0, y: 0}
  m_AnchoredPosition: {x: 0, y: 0}
  m_SizeDelta: {x: 0, y: 0}
  m_Pivot: {x: 0, y: 0}
--- !u!224 &1923579794 stripped
RectTransform:
  m_PrefabParentObject: {fileID: 224620471677645320, guid: 40f0fd8c20c6e224b8534481c5a25055,
    type: 2}
  m_PrefabInternal: {fileID: 1850497859}
--- !u!224 &2007147850 stripped
RectTransform:
  m_PrefabParentObject: {fileID: 224749679837771760, guid: 77281a797ab8f3c4d8b2b3e58389142f,
    type: 2}
  m_PrefabInternal: {fileID: 2140223421}
--- !u!1 &2136127693 stripped
GameObject:
  m_PrefabParentObject: {fileID: 1020314282896870, guid: 75e1831e76be7e04c9b53217c51d9053,
    type: 2}
  m_PrefabInternal: {fileID: 1410696123}
--- !u!1001 &2140223421
Prefab:
  m_ObjectHideFlags: 0
  serializedVersion: 2
  m_Modification:
    m_TransformParent: {fileID: 1560792260}
    m_Modifications:
    - target: {fileID: 224749679837771760, guid: 77281a797ab8f3c4d8b2b3e58389142f,
        type: 2}
      propertyPath: m_LocalPosition.x
      value: 0
      objectReference: {fileID: 0}
    - target: {fileID: 224749679837771760, guid: 77281a797ab8f3c4d8b2b3e58389142f,
        type: 2}
      propertyPath: m_LocalPosition.y
      value: 0
      objectReference: {fileID: 0}
    - target: {fileID: 224749679837771760, guid: 77281a797ab8f3c4d8b2b3e58389142f,
        type: 2}
      propertyPath: m_LocalPosition.z
      value: 0
      objectReference: {fileID: 0}
    - target: {fileID: 224749679837771760, guid: 77281a797ab8f3c4d8b2b3e58389142f,
        type: 2}
      propertyPath: m_LocalRotation.x
      value: -0
      objectReference: {fileID: 0}
    - target: {fileID: 224749679837771760, guid: 77281a797ab8f3c4d8b2b3e58389142f,
        type: 2}
      propertyPath: m_LocalRotation.y
      value: -0
      objectReference: {fileID: 0}
    - target: {fileID: 224749679837771760, guid: 77281a797ab8f3c4d8b2b3e58389142f,
        type: 2}
      propertyPath: m_LocalRotation.z
      value: -0
      objectReference: {fileID: 0}
    - target: {fileID: 224749679837771760, guid: 77281a797ab8f3c4d8b2b3e58389142f,
        type: 2}
      propertyPath: m_LocalRotation.w
      value: 1
      objectReference: {fileID: 0}
    - target: {fileID: 224749679837771760, guid: 77281a797ab8f3c4d8b2b3e58389142f,
        type: 2}
      propertyPath: m_RootOrder
      value: 1
      objectReference: {fileID: 0}
    - target: {fileID: 224749679837771760, guid: 77281a797ab8f3c4d8b2b3e58389142f,
        type: 2}
      propertyPath: m_AnchoredPosition.x
      value: 0
      objectReference: {fileID: 0}
    - target: {fileID: 224749679837771760, guid: 77281a797ab8f3c4d8b2b3e58389142f,
        type: 2}
      propertyPath: m_AnchoredPosition.y
      value: 0
      objectReference: {fileID: 0}
    - target: {fileID: 224749679837771760, guid: 77281a797ab8f3c4d8b2b3e58389142f,
        type: 2}
      propertyPath: m_SizeDelta.x
      value: 0
      objectReference: {fileID: 0}
    - target: {fileID: 224749679837771760, guid: 77281a797ab8f3c4d8b2b3e58389142f,
        type: 2}
      propertyPath: m_SizeDelta.y
      value: 0
      objectReference: {fileID: 0}
    - target: {fileID: 224749679837771760, guid: 77281a797ab8f3c4d8b2b3e58389142f,
        type: 2}
      propertyPath: m_AnchorMin.x
      value: 0.030312499
      objectReference: {fileID: 0}
    - target: {fileID: 224749679837771760, guid: 77281a797ab8f3c4d8b2b3e58389142f,
        type: 2}
      propertyPath: m_AnchorMin.y
      value: 0.072222225
      objectReference: {fileID: 0}
    - target: {fileID: 224749679837771760, guid: 77281a797ab8f3c4d8b2b3e58389142f,
        type: 2}
      propertyPath: m_AnchorMax.x
      value: 0.21054171
      objectReference: {fileID: 0}
    - target: {fileID: 224749679837771760, guid: 77281a797ab8f3c4d8b2b3e58389142f,
        type: 2}
      propertyPath: m_AnchorMax.y
      value: 0.21211113
      objectReference: {fileID: 0}
    - target: {fileID: 224749679837771760, guid: 77281a797ab8f3c4d8b2b3e58389142f,
        type: 2}
      propertyPath: m_Pivot.x
      value: 0.5
      objectReference: {fileID: 0}
    - target: {fileID: 224749679837771760, guid: 77281a797ab8f3c4d8b2b3e58389142f,
        type: 2}
      propertyPath: m_Pivot.y
      value: 0.5
      objectReference: {fileID: 0}
    m_RemovedComponents: []
  m_ParentPrefab: {fileID: 100100000, guid: 77281a797ab8f3c4d8b2b3e58389142f, type: 2}
  m_IsPrefabParent: 0
--- !u!1 &2143194580
GameObject:
  m_ObjectHideFlags: 0
  m_PrefabParentObject: {fileID: 0}
  m_PrefabInternal: {fileID: 0}
  serializedVersion: 5
  m_Component:
  - component: {fileID: 2143194584}
  - component: {fileID: 2143194583}
  - component: {fileID: 2143194582}
  - component: {fileID: 2143194581}
  m_Layer: 0
  m_Name: Plane
  m_TagString: Ground
  m_Icon: {fileID: 0}
  m_NavMeshLayer: 0
  m_StaticEditorFlags: 4294967295
  m_IsActive: 1
--- !u!23 &2143194581
MeshRenderer:
  m_ObjectHideFlags: 0
  m_PrefabParentObject: {fileID: 0}
  m_PrefabInternal: {fileID: 0}
  m_GameObject: {fileID: 2143194580}
  m_Enabled: 1
  m_CastShadows: 1
  m_ReceiveShadows: 1
  m_DynamicOccludee: 1
  m_MotionVectors: 1
  m_LightProbeUsage: 1
  m_ReflectionProbeUsage: 1
  m_RenderingLayerMask: 4294967295
  m_Materials:
  - {fileID: 10303, guid: 0000000000000000f000000000000000, type: 0}
  m_StaticBatchInfo:
    firstSubMesh: 0
    subMeshCount: 0
  m_StaticBatchRoot: {fileID: 0}
  m_ProbeAnchor: {fileID: 0}
  m_LightProbeVolumeOverride: {fileID: 0}
  m_ScaleInLightmap: 1
  m_PreserveUVs: 1
  m_IgnoreNormalsForChartDetection: 0
  m_ImportantGI: 0
  m_StitchLightmapSeams: 0
  m_SelectedEditorRenderState: 3
  m_MinimumChartSize: 4
  m_AutoUVMaxDistance: 0.5
  m_AutoUVMaxAngle: 89
  m_LightmapParameters: {fileID: 0}
  m_SortingLayerID: 0
  m_SortingLayer: 0
  m_SortingOrder: 0
--- !u!64 &2143194582
MeshCollider:
  m_ObjectHideFlags: 0
  m_PrefabParentObject: {fileID: 0}
  m_PrefabInternal: {fileID: 0}
  m_GameObject: {fileID: 2143194580}
  m_Material: {fileID: 0}
  m_IsTrigger: 0
  m_Enabled: 1
  serializedVersion: 3
  m_Convex: 0
  m_CookingOptions: 14
  m_SkinWidth: 0.01
  m_Mesh: {fileID: 10209, guid: 0000000000000000e000000000000000, type: 0}
--- !u!33 &2143194583
MeshFilter:
  m_ObjectHideFlags: 0
  m_PrefabParentObject: {fileID: 0}
  m_PrefabInternal: {fileID: 0}
  m_GameObject: {fileID: 2143194580}
  m_Mesh: {fileID: 10209, guid: 0000000000000000e000000000000000, type: 0}
--- !u!4 &2143194584
Transform:
  m_ObjectHideFlags: 0
  m_PrefabParentObject: {fileID: 0}
  m_PrefabInternal: {fileID: 0}
  m_GameObject: {fileID: 2143194580}
  m_LocalRotation: {x: 0, y: 0, z: 0, w: 1}
  m_LocalPosition: {x: 1.0688686, y: -1.4190631, z: 1.2308064}
  m_LocalScale: {x: 4.394232, y: 4.3942327, z: 4.3942327}
  m_Children: []
  m_Father: {fileID: 0}
  m_RootOrder: 6
  m_LocalEulerAnglesHint: {x: 0, y: 0, z: 0}
